 @misc{mongoDB_jayaram_2020,
  title     = {When to Use (and Not to Use) MongoDB - DZone Database},
  url       = {https://dzone.com/articles/why-mongodb},
  journal   = {dzone.com},
  publisher = {DZone},
  author    = {Jayaram, Prashanth},
  year      = {2020},
  month     = {Mar}
} 

 @article{websocket_wang_salim_moskovits_2013,
  title   = {The WebSocket API},
  doi     = {10.1007/978-1-4302-4741-8_2},
  journal = {The Definitive Guide to HTML5 WebSocket},
  author  = {Wang, Vanessa and Salim, Frank and Moskovits, Peter},
  year    = {2013},
  pages   = {13–32}
}

 @misc{aiy_projects,
  title     = {Voice Kit},
  url       = {https://aiyprojects.withgoogle.com/voice/},
  journal   = {AIY Projects},
  publisher = {Google}
} 

 @misc{mqtt_malý_2016,
  title     = {Protokol MQTT: komunikační standard pro IoT},
  url       = {https://www.root.cz/clanky/protokol-mqtt-komunikacni-standard-pro-iot/},
  journal   = {Root.cz},
  publisher = {Internet Info, s.r.o.},
  author    = {Malý, Martin},
  year      = {2016},
  month     = {Jun}
} 