@mastersthesis{bulin:2016,
	author 		= {Bulín, Martin},
	title 		= {Classification of terrain based on proprioception and tactile sensing for multi-legged walking robot},
	school 		= {University of Southern Denmark},
	address 	= {Campusvej 55, 5230 Odense M},
	year 		= {2016},
	month 		= {6}
}

@misc{smidl:pc,
  	author 		= {Šmídl, Luboš},
  	year	 	= {2017},
  	howpublished = {personal communication},
  	note 		= {supervision of the thesis}
}

@article{mcculloch:neuron,
  title={A logical calculus of the ideas immanent in nervous activity},
  author={McCulloch, Warren S and Pitts, Walter},
  journal={The bulletin of mathematical biophysics},
  volume={5},
  number={4},
  pages={115--133},
  year={1943},
  publisher={Springer}
}

@online{online:xor_solution,
   title 		= {The XOR Problem and Solution},
   date 		= {2006},
   author 		= {Bradley, Peter},
   url 			= {http://mind.ilstu.edu/}
}

@manual{ai-thinker:esp12e,
  title        = {ESP-12E WiFi Module},
  organization = {AI-Thinker team},
  year         = {2015},
  note         = {Version 1.0},
}

@manual{dallas:ds18b20,
  title        = {DS18B20 -- Programmable Resolution 1-Wire Digital Thermometer},
  organization = {Maxim Integrated Products, Inc.},
  year         = {2019},
  note         = {19-7487; Rev 6; 7/19},
}

@manual{adafruit:tsl2591,
  title        = {Adafruit TSL2591 High Dynamic Range Digital Light Sensor},
  organization = {Adafruit Industries},
  year         = {2014}
}

@online{somfy:api,
  organization = {Somfy},
  title = {Somfy Open API Developer Portal | APIs \& Docs},
  year = 2018,
  url = {https://developer.somfy.com/apis-docs},
  urldate = {2022-03-23}
}

@online{tetienne:pymfy,
  author = {Thibaut Etienne},
  title = {Somfy Open API},
  year = 2021,
  url = {https://github.com/tetienne/somfy-open-api#readme},
  urldate = {2022-03-23}
}

@online{mongodb:mongodb,
  organization = {MongoDB, Inc.},
  title = {MongoDB Documentation},
  year = 2021,
  url = {https://www.mongodb.com/docs/},
  urldate = {2022-04-20}
}

@online{keras:doc,
  organization = {Keras},
  title = {Keras API reference},
  year = 2022,
  url = {https://keras.io/api/},
  urldate = {2022-04-21}
}

@online{apple:home,
  organization = {Apple Inc.},
  title = {Apple Home},
  year = 2022,
  url = {https://www.apple.com/ios/home/},
  urldate = {2022-04-21}
}

@online{hass:hass,
  organization = {Home Assistant},
  title = {Home Assistant},
  year = 2022,
  url = {https://www.home-assistant.io/},
  urldate = {2022-04-21}
}

@online{openhab:openhab,
  organization = {OpenHAB Foundation},
  title = {OpenHAB},
  year = 2022,
  url = {https://www.openhab.org/},
  urldate = {2022-04-21}
}

@online{vercel:nextjs,
  organization = {Vercel},
  title = {Next.js},
  year = 2022,
  url = {https://nextjs.org/},
  urldate = {2022-04-21}
}

@online{w3c:svg,
  author = {Erik Dahlström and Patrick Dengler and Anthony Grasso and Chris Lilley and Cameron McCormack and Doug Schepers and Jonathan Watt},
  title = {Somfy Open API},
  year = 2011,
  url = {https://www.w3.org/TR/SVG11/},
  urldate = {2022-04-21}
}